3217 4600
682 567 731 628 On
753 568 882 628 Rickets
1197 586 1255 645 323

298 834 345 886 tia
359 832 458 901 partis
477 834 616 900 consump.
639 830 709 883 adde
729 830 796 883 voni
812 830 865 885 alb.
885 830 935 884 vcl
950 832 1083 885 thenam'
1098 833 1144 887 lib.
1163 851 1198 887 ss.
1220 830 1257 888 δ’

297 916 395 969 statim
412 916 520 970 coletur
534 916 566 968 in
584 932 636 968 vas
653 914 792 983 idoneum,
810 915 859 969 cui
874 915 1066 984 imponantur,
1084 917 1145 970 Fol.
1159 919 1257 972 Becca-

297 1000 379 1069 bung,
417 1001 547 1053 Nasturt.
560 1000 684 1052 summit.
721 998 832 1052 Abietis
847 1015 904 1051 ana
916 1015 999 1053 mss.
1037 1002 1151 1055 Boccor.
1158 1002 1255 1072 jump.

298 1082 348 1151 {ss
386 1084 419 1137 F.
443 1083 549 1154 infusio
567 1082 666 1152 tepida,
691 1082 728 1136 δ’
750 1083 848 1137 clausa
865 1086 923 1152 per
938 1084 1023 1137 leoras
1044 1086 1157 1139 circiter
1177 1086 1256 1140 duas.

299 1166 434 1220 Colaturo
451 1171 583 1219 servetur
598 1167 685 1219 vitris
702 1165 825 1234 occlusis,
844 1166 881 1220 δ’
898 1166 1078 1221 edulcaretur
1087 1171 1144 1237 pro
1165 1168 1255 1223 libitu.

297 1250 364 1302 Dos.
378 1248 425 1317 {ip
440 1248 489 1301 vel
499 1247 557 1317 giij.
572 1249 650 1301 looris
662 1248 780 1302 medicis.

259 1382 263 1389 ‚
332 1345 460 1414 RLign.
480 1345 629 1398 Lentiscin.
649 1345 810 1397 Rosman'n.
831 1344 890 1398 rod.
918 1345 1091 1413 Sarsapam'l.
1120 1347 1255 1400 Osmund.

296 1428 382 1497 regal.
399 1428 448 1481 vel
458 1427 544 1481 Filio.
565 1444 635 1480 mar.
656 1444 712 1480 ana
730 1425 789 1495 {iij
810 1426 898 1481 Herb.
915 1427 1066 1496 Agrimon.
1083 1429 1171 1498 Capit.
1192 1430 1254 1483 Vcn.

303 1512 423 1565 Veranio.
442 1512 525 1581 Ling.
548 1512 658 1564 Coruin.
680 1510 760 1564 Salv.
781 1510 878 1563 Beton.
898 1527 962 1564 ana.
983 1527 1019 1565 m.
1045 1510 1075 1579 ij.
1101 1514 1255 1566 summitat.

296 1595 412 1662 Abictis,
438 1596 465 1648 T
462 1596 590 1648 amarisc.
613 1611 676 1648 ana.
700 1611 735 1647 m.
751 1594 777 1662 j.
803 1599 962 1662 coquantur
984 1596 1016 1647 in
1039 1597 1180 1649 cerevisia
1200 1611 1257 1649 non

296 1678 434 1748 lupulota
450 1696 526 1748 cong.
545 1678 599 1747 iiij.
619 1678 661 1730 ad
675 1678 762 1730 unius
779 1679 1025 1745 comumpu'onem,
1049 1678 1177 1733 colatura
1192 1678 1256 1751 fer·

296 1768 442 1830 mentetur,
473 1762 510 1815 ἃο
533 1762 564 1815 in
588 1761 723 1814 doliolum
748 1764 909 1830 reponatur,
934 1762 966 1814 in
990 1778 1046 1830 quo
1068 1762 1258 1831 suspendatur

294 1845 421 1899 sacculus
438 1862 475 1898 eu
491 1844 547 1897 teltt
566 1844 635 1898 rani
652 1842 797 1916 confectus,
815 1843 852 1897 ὃ·
869 1845 1045 1912 sequentibus
1056 1845 1186 1913 repletus,
1199 1848 1254 1900 vin.

295 1928 439 1997 Milleped.
453 1930 484 1981 in
496 1929 564 1981 vino
576 1928 628 1981 alb.
640 1928 719 1982 lotor.
730 1927 767 1980 ἓν
776 1927 990 1981 levitercontus.
1002 1946 1028 1982 n.
1044 1943 1103 1982 200.
1140 1930 1254 1983 Boccor.

289 2012 390 2080 Junip.
402 2009 450 2078 gij.
481 2012 553 2064 Nuc⁴
565 2011 604 2062 M
596 2011 680 2079 yrist.
690 2010 768 2063 inas.
779 2027 807 2063 n.
818 2010 849 2077 ij.
861 2010 920 2062 unci
928 2027 992 2064 cum
993 2011 1126 2082 frustula
1133 2012 1257 2083 chaphis

294 2093 335 2145 ad
348 2092 490 2146 sacculum
513 2092 754 2161 submergendum.
793 2092 831 2145 Si
848 2092 972 2146 scorbuti
989 2095 1110 2163 suspicio
1127 2096 1172 2162 sit,
1191 2097 1258 2149 vasi

294 2177 412 2245 insuper
433 2176 542 2244 imponi
557 2178 685 2244 possunt,
710 2175 771 2228 Fol.
797 2176 967 2244 Bcccabung.
996 2178 1127 2230 Nasturt.
1159 2186 1253 2247 aquat.

294 2277 351 2313 ana
365 2277 401 2313 m.
421 2259 450 2328 ij.
471 2264 605 2312 maneant
615 2262 672 2328 pcr
687 2260 860 2328 septimanas
869 2258 983 2313 circiter
992 2260 1070 2326 duas,
1084 2260 1150 2314 deon
1161 2261 1258 2331 liquor

293 2349 427 2397 sumatur
431 2347 489 2413 pro
497 2347 567 2411 potu
579 2343 732 2396 ordinario.

329 2451 504 2515 BsConseru.
530 2451 589 2504 rad.
617 2450 723 2517 Ciclsor,
748 2450 822 2502 Flor
843 2450 940 2503 Baton.
959 2467 1017 2503 ana
1035 2449 1077 2519 gj.
1124 2453 1253 2508 Consors).

293 2533 411 2601 Antltos,
424 2534 501 2588 Flor.
519 2535 546 2587 T
543 2535 671 2587 amam'sc.
685 2534 802 2587 Flaued.
817 2534 927 2587 Limon.
947 2550 1004 2586 ana
1022 2533 1073 2603 {ss
1111 2537 1252 2604 Myrobal.

292 2617 391 2670 condit.
413 2634 439 2670 n.
462 2617 492 2685 ij.
515 2617 602 2671 Puto.
622 2616 636 2670 l
655 2617 749 2671 Chelis
771 2617 901 2670 Cancror.
923 2620 1039 2686 compos.
1062 2618 1105 2686 572
1131 2620 1252 2675 Cremor.

297 2701 421 2767 Tartari,
434 2701 512 2756 Flor.
525 2702 584 2755 Sal.
595 2701 828 2756 Armoniaciana
835 2702 887 2765 55s.
897 2701 1006 2755 santali
1015 2701 1116 2755 Citn'n.
1130 2714 1150 2771 3
1151 2703 1177 2771 j.
1190 2720 1254 2758 cum

292 2788 385 2852 syrup.
400 2784 433 2837 de
447 2784 538 2839 Coral.
551 2803 572 2838 s.
586 2802 611 2853 q.
616 2785 644 2854 s.
658 2784 746 2839 Elect.
759 2785 856 2856 capiat
864 2802 910 2853 qu.
931 2801 991 2838 nuc.
1008 2785 1144 2839 Moscltat.
1165 2804 1253 2854 manc,

293 2866 330 2919 δ’
344 2866 415 2920 lzarci
426 2867 527 2935 quinti
539 2869 615 2938 pom.
635 2867 832 2937 superbibcndo
849 2867 969 2935 liquoris
982 2869 1254 2936 appropriatiltaus·

293 2949 393 3003 tulum.
716 2959 718 2964 '

327 3060 353 3122 Bc
371 3054 811 3127 PuluMc'llcpeclprapan3i12
825 3057 897 3110 Nuc.
913 3057 1029 3127 Myrist.
1049 3060 1100 3121 3ss.
1114 3060 1180 3126 flor.
1200 3045 1251 3114 sal.

292 3139 320 3192 Α
323 3140 463 3193 rmoniaci
477 3140 528 3208 3232
533 3140 562 3211 s.
576 3139 686 3194 Pulvis.
717 3140 784 3193 Dos.
794 3156 841 3208 gr.
852 3139 914 3207 uiz'y'.
925 3140 1019 3193 adxv.
1031 3142 1063 3194 iu
1072 3142 1252 3211 Aponcmate,

288 3222 415 3290 Jusculo,
429 3227 483 3276 aut
492 3223 601 3291 liquore
611 3222 714 3290 quovis
725 3221 910 3275 convenienti.

326 3317 434 3371 Pulvis
451 3319 503 3372 iste
520 3335 583 3371 cum
602 3317 735 3370 Balsami
752 3317 851 3385 Capio.
870 3333 895 3384 q.
915 3335 935 3370 s.
955 3317 988 3369 in
1005 3331 1073 3372 mas.
1090 3319 1147 3372 Pil.
1162 3320 1256 3391 redigi

289 3404 385 3469 potest,
398 3417 461 3469 qua
472 3401 504 3454 iu
513 3399 623 3470 pilulas
633 3401 753 3469 exiguas
755 3400 910 3469 formetur.
947 3401 1015 3454 Dos.
1028 3401 1141 3455 circiter
1151 3415 1207 3473 sss.

327 3496 442 3559 RRad.
465 3496 599 3550 Osmund.
619 3495 705 3565 regal.
728 3494 778 3548 vel
796 3494 878 3548 Filio.
899 3511 969 3549 mar.
991 3497 1054 3559 giss.
1076 3497 1137 3551 rad.
1157 3499 1251 3554 Paon.

291 3580 369 3633 Mor.
382 3580 401 3644 ὅ
401 3578 427 3647 j.
441 3579 510 3648 ligre.
523 3579 669 3650 sassafras.
682 3578 793 3632 santoli
801 3578 895 3632 citrin.
908 3595 972 3632 sem.
1010 3581 1142 3634 Nasturt.
1156 3588 1251 3650 aquat.

291 3679 348 3715 ana
371 3672 392 3731 9
393 3662 419 3730 j.
443 3663 601 3730 flaoedtnis
623 3662 749 3715 Aurant.
801 3660 910 3729 Condit,
931 3661 980 3729 bij.
997 3661 1025 3731 f.
1050 3663 1162 3717 Pulsus.
1184 3665 1252 3719 Dos.

291 3755 346 3812 ess.
369 3745 411 3797 ad
431 3745 477 3813 3j.
498 3747 644 3813 utsupra.
681 3745 712 3797 E
727 3744 848 3814 puluere
860 3745 1028 3813 proscripto
1044 3761 1109 3798 cum
1126 3747 1256 3801 saccham'

288 3829 351 3882 albi
371 3829 403 3882 iu
426 3845 469 3898 aq.
522 3829 646 3882 Cerasor.
672 3828 747 3899 nigr.
777 3827 861 3882 solut.
891 3827 929 3881 ὃ*
957 3828 998 3881 ad
1027 3828 1156 3883 Tabulat.
1186 3833 1256 3885 cocti

291 3911 426 3981 septuplo,
450 3913 478 3964 T
474 3911 564 3964 abula
575 3912 705 3978 formari
714 3915 843 3981 possunt,
862 3927 925 3979 qua
941 3911 1063 3981 singula
1074 3913 1205 3982 pendant
1213 3915 1252 3983 ‹⁷ss-
